@online{sigfox_tech,
	author = {{SIGFOX S.A.}},
	title = {{Sigfox Technical Overview}},
	year = 2017,
	url = {https://www.disk91.com/wp-content/uploads/2017/05/4967675830228422064.pdf},
	urldate = {2018-07-19}
}

@online{sigfox_ietf,
	author = {Zuniga, Juan Carlos and Ponsard, Benoit},
	title = {SIGFOX System Description (Version 02)},
	year = 2017,
	url = {https://tools.ietf.org/html/draft-zuniga-lpwan-sigfox-system-description-02},
	urldate = {2018-07-19}
}

@book{commsys,
	author = {John G. Proakis and Masoud Salehi},
	title = {Fundamentals of Communication Systems, Global Edition},
	publisher = {Pearson},
	year = 2014,
	edition = 2,
	isbn = {978-1-292-01568-2}
}

@book{costasloops,
	author = {Best, Roland},
	title = {Costas Loops - Theory, Design, and Simulation},
	publisher = {Springer International Publishing},
	year = 2018,
	edition	= 1,
	isbn = {978-3-319-72007-4}
}

@article{welchsmethod,
	title = {{The use of fast Fourier transform for the estimation of power spectra: A method based on time averaging over short, modified periodograms}},
	author = {Welch, Peter},
	journal = {IEEE Transactions on audio and electroacoustics},
	volume = {15},
	number = {2},
	pages = {70--73},
	year = {1967},
	publisher = {IEEE},
	doi = {10.1109/tau.1967.1161901},
}

@article{osimodel,
	title = {{OSI} reference model -- {The ISO} model of architecture for open systems interconnection},
	author = {Zimmermann, Hubert},
	journal = {IEEE Transactions on communications},
	volume = {28},
	number = {4},
	pages = {425--432},
	year = {1980},
	publisher = {IEEE}
}

@online{disk91radioprotocol,
	author = {Paul Pinault},
	title = {The {Sigfox} radio protocol},
	year = 2017,
	month = {November},
	url = {https://www.disk91.com/2017/technology/sigfox/the-sigfox-radio-protocol/},
	urldate = {2017-11-05},
	note = {published November 11, 2017}
}

@online{rs_appnote,
	author = {Koepp, Joerg and Mahmud, Naseef and Bues, Dieter and Mandel, Andreas},
	title = {{Rohde \& Schwarz Application Note 1MA294: Characterization of Sigfox Devices from Lab to Production Line}},
	year = 2018,
	url = {https://cdn.rohde-schwarz.com/pws/dl_downloads/dl_application/application_notes/1ma294/1MA294_3e_Sigfox_Device_Test.PDF},
	urldate = {2018-05-28},
	note = {current version published May 28, 2018}
}

@online{onsemi_datasheet,
	author = {{Semiconductor Components Industries, LLC}},
	title = {{ON Semiconductor Datasheet: AX-SIGFOX - Ultra-Low Power, AT Command Controlled, Sigfox® Compliant Transceiver IC for Up-Link and Down-Link}},
	year = 2016,
	url = {https://www.onsemi.com/pub/Collateral/AX-SIGFOX-D.PDF}
}

@online{bnetza_srd,
	author = {{Bundesnetzagentur}},
	title = {{Allgemeinzuteilung von Frequenzen zur Nutzung durch Funkanwendungen mit geringer Reichweite für nicht näher spezifizierte Anwendungen; Non-specific Short Range Devices (SRD)}},
	year = 2018,
	url = {https://www.bundesnetzagentur.de/SharedDocs/Downloads/DE/Sachgebiete/Telekommunikation/Unternehmen_Institutionen/Frequenzen/Allgemeinzuteilungen/2018_05_SRD_pdf.pdf?__blob=publicationFile&v=2}
}

@article{cbcmac_security,
	title = {{The Security of the Cipher Block Chaining Message Authentication Code}},
	journal = {Journal of Computer and System Sciences},
	volume = {61},
	number = {3},
	pages = {362--399},
	year = {2000},
	doi = {10.1006/jcss.1999.1694},
	publisher = {Elsevier},
	author = {Mihir Bellare and Joe Kilian and Phillip Rogaway}
}

@InProceedings{cbcmac_truncation,
	author = "Wang, Peng and Feng, Dengguo and Lin, Changlu and Wu, Wenling",
	editor = "Yung, Moti and Liu, Peng and Lin, Dongdai",
	title = {{Security of Truncated MACs}},
	booktitle = "Information Security and Cryptology",
	year = "2009",
	publisher = "Springer Berlin Heidelberg",
	pages = "96--114",
	abstract = "In all of the MAC standard documents, the tag truncation is defined. Even if a MAC can be proved to be secure in the sense of unforgeability, the truncated MAC may suffer from sudden loss of security. We propose a new notion of robust unforgeability to address this problem, which is strictly stronger than the notion of unforgeability. We also give some generic methods to turn the unforgeable MAC into robustly unforgeable one. Furthermore we propose a notion of variationally XOR universal hash function, which is strictly weaker than the previously proposed notion of variationally universal hash function by Krovetz and Rogaway, to strengthen the security of Wegman-Carter MACs to be robustly unforgeable.",
	isbn = "978-3-642-01440-6",
	doi = {10.1007/978-3-642-01440-6\_10}
}

@online{aesstandard,
	author = {{National Institute of Standards and Technology}},
	title = {{FIPS 197: Avanced Encryption Standard (AES)}},
	year = 2001,
	url = {https://nvlpubs.nist.gov/nistpubs/fips/nist.fips.197.pdf}
}

@book{moderncryptography,
	title = {Introduction to modern cryptography},
	author = {Lindell, Yehuda and Katz, Jonathan},
	year = {2014},
	publisher = {Chapman and Hall / CRC},
	edition = 2,
	isbn = {978-1-4665-7027-6}
}

@book{foundationsofcryptography,
	title = {{Foundations of Cryptography - Basic Techniques}},
	author = {Oded Goldreich},
	year = {2001},
	publisher = {Cambridge University Press},
	isbn = {0-521-79172-3}
}

@online{tiaes,
	author = {Eric Peeters},
	title = {{AES-128 C implementation}},
	publisher = {Texas Instruments},
	year = {2011},
	url = {http://www.ti.com/tool/AES-128},
	urldate = {2018-08-18}
}

@online{cbcmac_pitfalls,
	author = {Matthew Green},
	title = {{Why I hate CBC-MAC}},
	url = {https://blog.cryptographyengineering.com/2013/02/15/why-i-hate-cbc-mac/},
	year = {2013},
	urldate = {2018-08-18}
}

@techreport{rfc2104,
	author = {Hugo Krawczyk and Mihir Bellare and Ran Canetti},
	title = {{HMAC: Keyed-Hashing for Message Authentication}},
	howpublished = {Internet Requests for Comments},
	type = {RFC},
	number = {2104},
	year = {1997},
	month = {February},
	issn = {2070-1721},
	publisher = {RFC Editor},
	institution = {RFC Editor},
	url = {http://www.rfc-editor.org/rfc/rfc2104.txt}
}

@incollection{hackersdelight,
	title = {{Cyclic Redundancy Check}},
	pages = {319--330},
	booktitle = {{Hacker's Delight}},
	author = {Warren, Henry S},
	year = {2013},
	publisher = {Pearson Education},
	isbn = {978-0-321-84268-8},
	chapter = 14
}

@online{crcguide,
	title = {{A Painless Guide to CRC Error Detection Algorithms}},
	author = {Ross N. Williams},
	year = {1993},
	urldate = {2018-08-13},
	url = {http://www.ross.net/crc/download/crc_v3.txt}
}

@online{ccittcrc,
	title = {{Recommendation V.41: Code-independent error-control system}},
	author = {{International Telegraph Union Telecommunication Standardization Sector (ITU-T), formerly Comité Consultatif International Téléphonique et Télégraphique (CCITT)}},
	year = {1988},
	urldate = {2018-08-13},
	url = {https://www.itu.int/rec/T-REC-V.41/en}
}

@book{infundcod,
	title = {{Information und Codierung: Grundlagen und Anwendungen}},
	author = {Werner, Martin},
	year = {2009},
	publisher = {Springer-Verlag},
	edition = 2,
	isbn = {978-3-8348-0232-3}
}

@incollection{rfcomm,
	title = {Radio Frequency Communications},
	booktitle = {Guide to Wireless Communications},
	author = {Olenewa, J.},
	isbn = {9781111307318},
	series = {Networking (Course Technology, Inc.)},
	year = {2013},
	publisher = {Cengage Learning},
	edition = 3,
	chapter = 3
}

@book{kurose,
	title = {{Computer Networking - A Top-Down Approach}},
	author = {James F. Kurose and Keith W. Ross},
	year = {2013},
	edition = 6,
	publisher = {Pearson Education},
	isbn = {978-0-13-285620-1}
}

@online{stfirmware,
	title = {{ST UM2173: Getting started with the S2-LP Sigfox firmware}},
	url = {https://www.st.com/resource/en/user_manual/dm00365435.pdf},
	urldate = {2018-08-04},
	year = {2018},
	author = {STMicroelectronics}
}

@misc{patent_multiplexband,
	title = {Method for searching for a useful signal in a multiplexing band},
	author = {Artigue, C{\'e}dric},
	year = {2016},
	month = sep # "~14",
	publisher = {Google Patents},
	note = {{EP Grant EP2870740B1}}
}

@incollection{fmdemod_arctan,
	title = {{Frequency Demodulation Algorithms}},
	booktitle = {Understanding Digital Signal Processing},
	author = {Richard G. Lyons},
	isbn = {9780131089891},
	year = {2004},
	publisher = {Prentice Hall},
	edition = 2,
	chapter = {13.22}
}

@book{ecctechniques,
	author = {Michelson, Arnold M. and Levesque, Allen H.},
	title = {Error-control techniques for digital communication},
	publisher = {Wiley},
	year = {1985},
	ISBN = {978-0471880745}
}

@article{lpwan_comparison,
	title={{A comparative study of LPWAN technologies for large-scale IoT deployment}},
	author={Mekki, Kais and Bajic, Eddy and Chaxel, Frederic and Meyer, Fernand},
	journal={ICT Express},
	year={2018},
	publisher={Elsevier},
	doi = {10.1016/j.icte.2017.12.005}
}

@thesis{chalmers,
	title = {{Researching possibilities for autonomous operation of a Sigfox radio base station north of the Arctic circle}},
	author = {Esk{\aa}ng, Emil and Dahl, Gustaf},
	year = {2018},
	type = {Bachelor's Thesis},
	url = {http://publications.lib.chalmers.se/records/fulltext/255563/255563.pdf},
}

@online{sbst3_internal,
	author = {{Sigfox S.A.}},
	year = 2016,
	title = {{SIGFOX SBS-T3 internal photos}},
	url = {https://fccid.io/2ACK7SBST3902/Internal-Photos/internal-photos-3273281.pdf},
	urldate = {2018-09-07}
}

@article{sbst3_manual,
	author = {{P. Antoine, S. Barreiro, A. Trombetta, L. Bordes and H. Ardiller for Sigfox S.A.}},
	year = 2016,
	title = {{SIGFOX SBS-T3 Product Manual}},
	url = {https://fccid.io/2ACK7SBST3902/User-Manual/User-Manual-3273284.pdf},
	urldate = {2018-09-07}
}

@article{lora_poc,
	title = {{Reverse Engineering the LoRa PHY}},
	author = {Knight, Matt},
	journal = {International Journal of PoC or GTFO},
	volume = {13},
	pages = {48--59},
	year = {2016},
	url = {https://www.alchemistowl.org/pocorgtfo/pocorgtfo13.pdf}
}

@inproceedings{lora_gr,
	title = {{Decoding LoRa: Realizing a modern LPWAN with SDR}},
	author = {Knight, Matthew and Seeber, Balint},
	booktitle = {Proceedings of the GNU Radio Conference},
	volume = {1},
	number = {1},
	year = {2016},
	url = {https://pubs.gnuradio.org/index.php/grcon/article/download/8/7}
}

@book{carlson_commsys,
	author = {Carlson, A. Bruce and Crilly, Paul B. and Rutledge, Janet C.},
	title = {{Communication Systems: An Introduction to Signals and Noise in Electrical Communication}},
	series = {McGraw-Hill series in electrical and computer engineering},
	publisher = {McGraw-Hill},
	year = {2007},
	edition = {4},
	isbn = {978-0-07-112175-0}
}

@online{semtech_whitening,
	author = {{Semtech Corporation}},
	title = {{Semtech Application Note AN1200.18: Implementing Data Whitening and CRC Calculation in Software on SX12xx Devices}},
	year = 2013,
	url = {https://www.semtech.com/uploads/documents/AN1200.18_STD.pdf}
}

@book{dspfpga,
	author = {Meyer-Bäse, Uwe},
	title = {Digital Signal Processing with Field Programmable Gate Arrays},
	publisher = {Springer},
	year = {2001},
	isbn = {978-3540413417}
}

@online{ccittwhitening,
	title = {{Recommendation O.153: Basic Parameters for the Measurement of Error Performance at Bit Rates below the Primary Rate}},
	author = {{International Telegraph Union Telecommunication Standardization Sector (ITU-T), formerly Comité Consultatif International Téléphonique et Télégraphique (CCITT)}},
	year = {1988},
	urldate = {2018-09-12},
	url = {https://www.itu.int/rec/T-REC-O.153/en}
}

@online{coveragemap,
	title = {{Sigfox Coverage Map}},
	urldate = {2018-09-12},
	url = {https://www.sigfox.com/en/coverage}
}

@online{sigfox_secure,
	title = {{Secure Sigfox Ready\textsuperscript{TM} devices - Recommendation Guide}},
	author = {{SIGFOX S.A.}},
	year = 2017,
	url = {https://de.slideshare.net/sigfox/secure-sigfox-ready-devices-recommendation-guide-82452225},
	urldate = {2018-09-12}
}

@article{phyandmac,
	title = {{Dedicated networks for IoT: PHY/MAC state of the art and challenges}},
	author = {Goursaud, Claire and Gorce, Jean-Marie},
	year = {2015},
	url = {https://hal.archives-ouvertes.fr/hal-01231221/document},
	journal = {EAI endorsed transactions on Internet of Things},
}

@inproceedings{crfdma,
	title = {{On the benefits of random FDMA schemes in ultra narrow band networks}},
	author = {Do, Minh-Tien and Goursaud, Claire and Gorce, Jean-Marie},
	booktitle = {Modeling and Optimization in Mobile, Ad Hoc, and Wireless Networks (WiOpt), 2014 12th International Symposium on},
	pages = {672--677},
	year = {2014},
	organization = {IEEE},
	doi = {10.1109/wiopt.2014.6850364}
}

@inproceedings{crc8_polynomial,
	author = {P. Koopman and T. Chakravarty},
	booktitle = {{International Conference on Dependable Systems and Networks, 2004}},
	title = {{Cyclic redundancy code (CRC) polynomial selection for embedded networks}},
	year = {2004},
	pages = {145-154},
	doi = {10.1109/DSN.2004.1311885},
	month = {June}
}

@article{crc8zoo,
	author = {{P. Koopman (Carnegie Mellon University)}},
	organization = {Carnegie Mellon University},
	url = {https://users.ece.cmu.edu/~koopman/crc/crc8.html},
	title = {{CRC Polynomial Zoo - 8 Bit CRCs}}
}

@inproceedings{iot_protocol_overview,
	author = {S. Al-Sarawi and M. Anbar and K. Alieyan and M. Alzubaidi},
	booktitle = {{8th International Conference on Information Technology (ICIT)}},
	title = {{Internet of Things (IoT) communication protocols: Review}},
	year = {2017},
	pages = {685-690},
	month = {May},
	doi = {10.1109/icitech.2017.8079928}
}

@online{sigfox_security_whitepaper,
	author = {{SIGFOX S.A.}},
	title = {{Make things come alive in a secure way}},
	year = 2017,
	url = {https://www.sigfox.com/sites/default/files/1701-SIGFOX-White_Paper_Security.pdf},
	urldate = {2018-09-17},
	month = {February}
}

@online{xtensa_isa,
	author = {{Tensilica Inc.}},
	url = {https://0x04.net/~mwk/doc/xtensa.pdf},
	title = {{Xtensa® Instruction Set Architecture (ISA)}},
	year = 2010,
	month = {April},
	urldate = {2018-09-18}
}

@manual{ldmanpage,
	title = "ld(1) - The GNU Linker: Manual Page",
	author = {{Free Software Foundation, Inc.}},
	edition = {2.28}
}

@inproceedings{otpsecurity,
	title = {{On Track of Sigfox Confidentiality with End-to-End Encryption}},
	author = {Fujdiak, Radek and Blazek, Petr and Mikhaylov, Konstantin and Malina, Lukas and Mlynek, Petr and Misurec, Jiri and Blazek, Vojtech},
	booktitle = {{Proceedings of the 13th International Conference on Availability, Reliability and Security}},
	pages = {19},
	year = {2018},
	organization = {ACM},
	doi = {10.1145/3230833.3232805}
}
